@misc{howe_2016, 
title={27 Creativity and Innovation Techniques Explained in On-Pagers!},
url={https://www.ramonvullings.com/},
howpublished = "https://www.ramonvullings.com/}",
publisher={Ramon Vullings}, 
author={Vullings, Ramon}, 
year={2018}
}