@article{freudenthal1991effect,
  title={The effect on sitting posture of a desk with a ten-degree inclination using an adjustable chair and table.},
  author={Freudenthal, A and van Riel, MP and Molenbroek, JF and Snijders, CJ},
  journal={Applied Ergonomics},
  volume={22},
  number={5},
  pages={329--336},
  year={1991}
}

@article{black1996influence,
  title={The influence of different sitting positions on cervical and lumbar posture},
  author={Black, Kathleen M and McClure, Philip and Polansky, Marcia},
  journal={Spine},
  volume={21},
  number={1},
  pages={65--70},
  year={1996},
  publisher={LWW}
}

@article{keegan1953alterations,
  title={Alterations of the lumbar curve related to posture and seating},
  author={Keegan, J Jay},
  journal={JBJS},
  volume={35},
  number={3},
  pages={589--603},
  year={1953},
  publisher={LWW}
}

@chapter{seating-viewing-considerations,
	title = "56.4.1 Seating and Viewing Considerations",
	booktitle = "Handbook of Human Factors and Ergonomics (4th Edition)",
	author = "Salvendy, Gavriel",
	year = "2012",
	url = "https://app.knovel.com/hotlink/khtml/id:kt011U5VJ4/handbook-human-factors/seating-viewing-considerations",
	isbn = "978-0-470-52838-9",
	publisher = "John Wiley & Sons",
	pages = "1560"
}

@misc{howe_2016, 
title={Ergonomics},
url={https://www.officechairs.com/ergonomics.aspx#:~:text=The seat should be deep,the seat of the chair.},
howpublished = "\url{https://www.officechairs.com/ergonomics.aspx#:~:text=The}",
publisher={officechairs.com}, 
author={Howe, Rachel}, 
year={2016}
}