@inbook{book1, 
title={Requirements Engineering}, 
pages={118, 119},
publisher={Springer Inernational PU}, 
author={Jeremy Dick}, 
year={2018}, 
},