@misc{LabManual,
    title={Introduction to Microfluidics},  
    journal={AER210}, 
    publisher={AER210}, 
    year={2013}, 
    author={Bryan Keith and Eric Chung and Trevor Dell and Emma Brisson and Deniz Temelli and Andrey
    Shukalyuk and Mark Binette}
}