@incollection{buehler2010planning,
  title={The planning fallacy: Cognitive, motivational, and social origins},
  author={Buehler, Roger and Griffin, Dale and Peetz, Johanna},
  booktitle={Advances in experimental social psychology},
  volume={43},
  pages={1--62},
  year={2010},
  publisher={Elsevier}
}

@article{buehler1994exploring,
  title={Exploring the" planning fallacy": Why people underestimate their task completion times.},
  author={Buehler, Roger and Griffin, Dale and Ross, Michael},
  journal={Journal of personality and social psychology},
  volume={67},
  number={3},
  pages={366},
  year={1994},
  publisher={American Psychological Association}
}

@article{friedman2002stochastic,
  title={Stochastic gradient boosting},
  author={Friedman, Jerome H},
  journal={Computational statistics \& data analysis},
  volume={38},
  number={4},
  pages={367--378},
  year={2002},
  publisher={Elsevier}
}

@techreport{CSA,
     title = {{Information technology - Security techniques - Information security maagement systems - Requirements}},
     group = {CSA Group},
     year = {2013},
     institution = {Canadian Standards Assiciation},
}

@techreport{ISO,
    title = {ISO 9241-110:2020
    Ergonomics of human-system interaction â€” Part 110: Interaction principles},
    group = {ISO},
    year = {2020},
    institution = {International Standardization Organization}
}

