 @misc{dow_2022, title={Recipe for success: Ending plastic waste in Africa}, url={https://corporate.dow.com/en-us/seek-together/ending-plastic-waste-in-africa.html}, journal={Ending plastic waste in Africa | Dow Corporate}, author={DOW}, year={2022}, month={Feb}} 

  @misc{wansi_2022, title={Africa: Afri-Plastics Awards 15 sustainable plastic waste management solutions}, url={https://www.afrik21.africa/en/africa-afri-plastics-awards-15-sustainable-plastic-waste-management-solutions/}, journal={Afrik 21}, author={Wansi, Benoit-Ivan}, year={2022}, month={Mar}} 

  @article{GhanaSorting,
author = {Abagale, Felix and Mensah, Adjei and Osei, Richard},
year = {2012},
month = {11},
pages = {},
title = {Urban Solid Waste Sorting in a Growing City of Ghana},
volume = {1},
journal = {International Journal of Environment and Sustainability},
doi = {10.24102/ijes.v1i4.83}
}

@article{gent2009recycling,
  title={Recycling of plastic waste by density separation: prospects for optimization},
  author={Gent, Malcolm Richard and Menendez, Mario and Tora{\~n}o, Javier and Diego, Isidro},
  journal={Waste management \& research},
  volume={27},
  number={2},
  pages={175--187},
  year={2009},
  publisher={Sage Publications Sage UK: London, England}
}

@article{safavi2010sorting,
  title={Sorting of polypropylene resins by color in MSW using visible reflectance spectroscopy},
  author={Safavi, SM and Masoumi, H and Mirian, SS and Tabrizchi, M},
  journal={Waste management},
  volume={30},
  number={11},
  pages={2216--2222},
  year={2010},
  publisher={Elsevier}
}

@article{bruno2000automated,
  title={Automated sorting of plastics for recycling},
  author={Bruno, Edward A},
  journal={infohouse. p2ric. org},
  year={2000}
}

@misc{UNSDG,
  author       = {UnitedNations},
  howpublished = {Electronic},
  title        = {Transforming our world: the 2030 Agenda for Sustainable Development 
[A/RES/70/1]},
  year         = {2015}
}

@misc{gniazdo_2021, title={Waterproof or water resistant? what's behind an IP rating? · Jabra Blog}, url={https://www.jabra.com/blog/waterproof-or-water-resistant-whats-behind-an-ip-rating/#:~:text=IPX1%3A%20Can%20resist%20water%20that,water%20splashes%20from%20any%20direction.}, journal={Jabra Blog}, publisher={Jabra}, author={Gniazdo, Daniel}, year={2021}, month={Oct}} 

@misc{GMET,
  title={Ghana Meteorological Agency},
  author={GMET},
  year={2022}
}

@misc{eepower_2017, title={Photoresistor: Resistor types: Resistor guide}, url={https://eepower.com/resistor-guide/resistor-types/photo-resistor/#}, journal={EEPower}, publisher={EEPower}, author={EEPower}, year={2017}} 

@misc{omnexus_2021, title={Density of plastics: Technical properties}, url={https://omnexus.specialchem.com/polymer-properties/properties/density}, journal={Density of Plastics Material: Technical Properties Table}, author={OMNexus}, year={2021}} 

@misc{amp, title={HDPE uses - explore common applications for high-density polyethylene}, url={https://www.acplasticsinc.com/informationcenter/r/common-uses-of-hdpe}, journal={HDPE Uses}, author={AMPCPlastics}, year={2017}} 

@misc{HDPE, title={Material properties of polyethylene (PE) thermoplastic - polymer}, url={https://dielectricmfg.com/knowledge-base/polyethylene/}, journal={Dielectric Manufacturing}, author={DielectricManufacturing}, year={2021}, month={Nov}} 

 @misc{omnexus_2017, title={Polyethylene terephthalate (PET): A comprehensive review}, url={https://omnexus.specialchem.com/selection-guide/polyethylene-terephthalate-pet-plastic}, journal={PET Plastic (Polyethylene Terephthalate): Uses, Properties &amp; Structure}, author={OMNexus}, year={2017}} 

  @misc{thomas_2022, title={Plastic bottle manufacturing process - how plastic bottles are made}, url={https://www.thomasnet.com/articles/materials-handling/plastic-bottle-manufacturing/}, journal={Thomasnet® - Product Sourcing and Supplier Discovery Platform - Find North American Manufacturers, Suppliers and Industrial Companies}, author={Thomas, Pe}, year={2022}} 
  
 @misc{plasticactioncenter_2022, title={Plastic by the numbers}, url={https://plasticactioncentre.ca/directory/plastic-by-the-numbers/#:~:text=The%20recycling%20symbol%20found%20on,the%20most%20commonly%20recycled%20plastics.}, journal={Plastic by the Numbers}, author={PlasticActionCenter}, year={2022}} 